<?xml version="1.0" encoding="UTF-8"?><collection xmlns="http://www.loc.gov/MARC21/slim"><record><leader>00635nam--2200205-i-4500</leader><controlfield tag="001">000000290</controlfield><controlfield tag="002">20161230</controlfield><controlfield tag="005">20161230201024</controlfield><controlfield tag="008">060222s1000------------r-----000-0-eng-d</controlfield><datafield ind1=" " ind2=" " tag="020"><subfield code="a">3540213201</subfield></datafield><datafield ind1=" " ind2=" " tag="040"><subfield code="a">IFIN-HH</subfield></datafield><datafield ind1=" " ind2=" " tag="080"><subfield code="a">539.141:538.94:530.145</subfield></datafield><datafield ind1="1" ind2=" " tag="100"><subfield code="a">Martin, Philippe A</subfield></datafield><datafield ind1="1" ind2="0" tag="245"><subfield code="a">Many-body problems and quantum field theory</subfield><subfield code="b">An introduction; translated by steven goldfarb, andrew jordan, samuel leach</subfield><subfield code="c">Philippe a. martin, f. rothen</subfield></datafield><datafield ind1=" " ind2=" " tag="250"><subfield code="a">Second Edition</subfield></datafield><datafield ind1=" " ind2=" " tag="260"><subfield code="a">Berlin</subfield><subfield code="b">Springer</subfield><subfield code="c">2004</subfield></datafield><datafield ind1=" " ind2=" " tag="300"><subfield code="a">435P</subfield></datafield><datafield ind1="1" ind2=" " tag="700"><subfield code="a">Rothen, Francois</subfield></datafield><datafield ind1=" " ind2=" " tag="852"><subfield code="a">82190</subfield><subfield code="c">539.141</subfield></datafield><datafield ind1=" " ind2=" " tag="CAT"><subfield code="a">Sys</subfield><subfield code="c">20120418</subfield><subfield code="h">125608</subfield></datafield></record></collection>